<?xml version="1.0" encoding="UTF-8"?><record xmlns="http://www.loc.gov/MARC21/slim" xmlns:cinclude="http://apache.org/cocoon/include/1.0" xmlns:zs="http://www.loc.gov/zing/srw/">
  <leader>00456nz  a2200133n  4500</leader>
  <controlfield tag="001">nb 99065149 </controlfield>
  <controlfield tag="003">DLC</controlfield>
  <controlfield tag="005">19990813153229.0</controlfield>
  <controlfield tag="008">990804n| acannaabn          |n aaa     c</controlfield>
  <datafield tag="010" ind1=" " ind2=" ">
    <subfield code="a">nb 99065149 </subfield>
  </datafield>
  <datafield tag="040" ind1=" " ind2=" ">
    <subfield code="a">Uk</subfield>
    <subfield code="b">eng</subfield>
    <subfield code="c">Uk</subfield>
  </datafield>
  <datafield tag="100" ind1="1" ind2="0">
    <subfield code="a">Hodson, Mark,</subfield>
    <subfield code="d">1964-</subfield>
  </datafield>
  <datafield tag="670" ind1=" " ind2=" ">
    <subfield code="a">Your passport to safer travel, 1998:</subfield>
    <subfield code="b">t.p. (Mark Hodson) back cover (Sunday Times travel journalist) BL AL sent 2 July 1999</subfield>
  </datafield>
  <datafield tag="670" ind1=" " ind2=" ">
    <subfield code="a">BL AL recd. 4 Aug. 1999</subfield>
    <subfield code="b">(Mark Hodson, born 4 Nov. 1964)</subfield>
  </datafield>
</record>